@misc{Aharon22,
  author       = {Nir Aharon and Roy Orfaig and Ben-Zion Bobrovsky},
  booktitle    = {},
  date         = {2022},
  doi          = {10.48550/arXiv.2206.14651},
  journal      = {},
  journaltitle = {},
  number       = {},
  pages        = {},
  publisher    = {},
  title        = {BoT-SORT: Robust Associations Multi-Pedestrian Tracking},
  volume       = {},
}

@article{Amosa23,
  author       = {Amosa, Temitope Ibrahim and Sebastian, Patrick and Izhar, Lila Iznita and Ibrahim, Oladimeji and Ayinla, Lukman Shehu and Bahashwan, Abdulrahman Abdullah and Bala, Abubakar and Samaila, Yau Alhaji},
  booktitle    = {},
  date         = {2023},
  doi          = {10.1016/j.neucom.2023.126558},
  journal      = {},
  journaltitle = {Neurocomputing},
  number       = {},
  pages        = {},
  publisher    = {},
  title        = {Multi-camera multi-object tracking: A review of current trends and future advances},
  volume       = {552},
}

@inproceedings{Bergmann19,
  author       = {Bergmann, Philipp and Meinhardt, Tim and Leal-Taixé, Laura},
  booktitle    = {IEEE/CVF International Conference on Computer Vision},
  date         = {2019},
  doi          = {10.1109/ICCV.2019.00103},
  journal      = {},
  journaltitle = {},
  number       = {},
  pages        = {941--951},
  publisher    = {},
  title        = {Tracking Without Bells and Whistles},
  volume       = {},
}

@article{Bernardin08,
  author       = {Bernardin, Keni and Stiefelhagen, Rainer},
  booktitle    = {},
  date         = {2008},
  doi          = {10.1155/2008/246309},
  journal      = {EURASIP journal on image and video processing},
  journaltitle = {},
  number       = {},
  pages        = {},
  publisher    = {Hindawi},
  title        = {Evaluating Multiple Object Tracking Performance: The CLEAR MOT Metrics},
  volume       = {2},
}

@inproceedings{Bewley16,
  author       = {Bewley, Alex and Ge, Zongyuan and Ott, Lionel and Ramos, Fabio and Upcroft, Ben},
  booktitle    = {IEEE International Conference on Image Processing},
  date         = {2016},
  doi          = {10.1109/ICIP.2016.7533003},
  journal      = {},
  journaltitle = {},
  number       = {},
  pages        = {3464--3468},
  publisher    = {},
  title        = {Simple online and realtime tracking},
  volume       = {},
}

@article{Blackman04,
  author       = {Blackman, S.},
  booktitle    = {},
  date         = {2004},
  doi          = {10.1109/MAES.2004.1263228},
  journal      = {IEEE Aerospace and Electronic Systems Magazine},
  journaltitle = {},
  number       = {1},
  pages        = {5--18},
  publisher    = {},
  title        = {Multiple hypothesis tracking for multiple target tracking},
  volume       = {19},
}

@misc{Bochkovskiy20,
  author       = {Alexey Bochkovskiy and Chien{-}Yao Wang and Hong{-}Yuan Mark Liao},
  booktitle    = {},
  date         = {2020},
  doi          = {10.48550/arXiv.2004.10934},
  journal      = {CoRR},
  journaltitle = {},
  number       = {},
  pages        = {},
  publisher    = {},
  title        = {YOLOv4: Optimal Speed and Accuracy of Object Detection},
  volume       = {},
}

@article{Cai99,
  author       = {Cai, Q. and Aggarwal, J.K.},
  booktitle    = {},
  date         = {1999},
  doi          = {10.1109/34.809119},
  journal      = {},
  journaltitle = {IEEE Transactions on Pattern Analysis and Machine Intelligence},
  number       = {11},
  pages        = {1241--1247},
  publisher    = {},
  title        = {Tracking human motion in structured environments using a distributed-camera system},
  volume       = {21},
}

@misc{Cao23,
  author       = {Jinkun Cao and Jiangmiao Pang and Xinshuo Weng and Rawal Khirodkar and Kris Kitani},
  booktitle    = {},
  date         = {2023},
  doi          = {10.48550/arXiv.2203.14360},
  journal      = {},
  journaltitle = {},
  number       = {},
  pages        = {},
  publisher    = {},
  title        = {Observation-Centric SORT: Rethinking SORT for Robust Multi-Object Tracking},
  volume       = {},
}

@misc{Carion20,
  author       = {Nicolas Carion and Francisco Massa and Gabriel Synnaeve and Nicolas Usunier and Alexander Kirillov and Sergey Zagoruyko},
  booktitle    = {},
  date         = {2020},
  doi          = {10.48550/arXiv.2005.12872},
  journal      = {CoRR},
  journaltitle = {},
  number       = {},
  pages        = {},
  publisher    = {},
  title        = {End-to-End Object Detection with Transformers},
  volume       = {},
}

@inproceedings{Chang01,
  author       = {Chang, T.-H. and Gong, S.},
  booktitle    = {IEEE Workshop on Multi-Object Tracking},
  date         = {2001},
  doi          = {10.1109/MOT.2001.937977},
  journal      = {},
  journaltitle = {},
  number       = {},
  pages        = {19--26},
  publisher    = {},
  title        = {Tracking multiple people with a multi-camera system},
  volume       = {},
}

@inproceedings{Chavdarova18,
  author       = {Chavdarova, Tatjana and Baqué, Pierre and Bouquet, Stéphane and Maksai, Andrii and Jose, Cijo and Bagautdinov, Timur and Lettry, Louis and Fua, Pascal and Van Gool, Luc and Fleuret, François},
  booktitle    = {IEEE/CVF Conference on Computer Vision and Pattern Recognition},
  date         = {2018},
  doi          = {10.1109/CVPR.2018.00528},
  journal      = {},
  journaltitle = {},
  number       = {},
  pages        = {5030--5039},
  publisher    = {},
  title        = {WILDTRACK: A Multi-camera HD Dataset for Dense Unscripted Pedestrian Detection},
  volume       = {},
}

@article{Chen17a,
  author       = {Chen, Weihua and Cao, Lijun and Chen, Xiaotang and Huang, Kaiqi},
  booktitle    = {},
  date         = {2017},
  doi          = {10.1109/TCSVT.2016.2589619},
  journal      = {},
  journaltitle = {IEEE Transactions on Circuits and Systems for Video Technology},
  number       = {11},
  pages        = {2367--2381},
  publisher    = {},
  title        = {An Equalized Global Graph Model-Based Approach for Multicamera Object Tracking},
  volume       = {27},
}

@inproceedings{Chen22,
  author       = {Chen, Yuzhong and Ma, Lingfei and Liu, Siyu and Liu, Mengzhen and Wu, Chensizhu and Li, Mo},
  booktitle    = {2nd International Conference on Electrical Engineering and Mechatronics Technology},
  date         = {2022},
  doi          = {10.1109/ICEEMT56362.2022.9862731},
  journal      = {},
  journaltitle = {},
  number       = {},
  pages        = {146--149},
  publisher    = {},
  title        = {A Real-time Distributed Multi-camera Multi-object Tracking System},
  volume       = {},
}

@inproceedings{Cheng23,
  author       = {Cheng, Cheng-Che and Qiu, Min-Xuan and Chiang, Chen-Kuo and Lai, Shang-Hong},
  booktitle    = {Proceedings of the IEEE/CVF International Conference on Computer Vision},
  date         = {2023},
  doi          = {10.48550/arXiv.2308.13229},
  journal      = {},
  journaltitle = {},
  number       = {},
  pages        = {10051--10060},
  publisher    = {},
  title        = {ReST: A Reconfigurable Spatial-Temporal Graph Model for Multi-Camera Multi-Object Tracking},
  volume       = {},
}

@inproceedings{Cipolla18,
  author       = {Cipolla, Roberto and Gal, Yarin and Kendall, Alex},
  booktitle    = {IEEE/CVF Conference on Computer Vision and Pattern Recognition},
  date         = {2018},
  doi          = {10.1109/CVPR.2018.00781},
  journal      = {},
  journaltitle = {},
  number       = {},
  pages        = {7482--7491},
  publisher    = {},
  title        = {Multi-task Learning Using Uncertainty to Weigh Losses for Scene Geometry and Semantics},
  volume       = {},
}

@article{Comaniciu02,
  author       = {Comaniciu, D. and Meer, P.},
  booktitle    = {},
  date         = {2002},
  doi          = {10.1109/34.1000236},
  journal      = {IEEE Transactions on Pattern Analysis and Machine Intelligence},
  journaltitle = {},
  number       = {5},
  pages        = {603--619},
  publisher    = {},
  title        = {Mean shift: a robust approach toward feature space analysis},
  volume       = {24},
}

@inproceedings{Dalal05,
  author       = {Dalal, N. and Triggs, B.},
  booktitle    = {IEEE Computer Society Conference on Computer Vision and Pattern Recognition},
  date         = {2005},
  doi          = {10.1109/CVPR.2005.177},
  journal      = {},
  journaltitle = {},
  number       = {},
  pages        = {886--893},
  publisher    = {},
  title        = {Histograms of oriented gradients for human detection},
  volume       = {1},
}

@inproceedings{Davila23,
  author       = {Davila, Daniel and Du, Dawei and Lewis, Bryon and Funk, Christopher and Van Pelt, Joseph and Collins, Roderic and Corona, Kellie and Brown, Matt and McCloskey, Scott and Hoogs, Anthony and Clipp, Brian},
  booktitle    = {IEEE/CVF Winter Conference on Applications of Computer Vision},
  date         = {2023},
  doi          = {10.1109/WACV56688.2023.00168},
  journal      = {},
  journaltitle = {},
  number       = {},
  pages        = {1634--1643},
  publisher    = {},
  title        = {MEVID: Multi-view Extended Videos with Identities for Video Person Re-Identification},
  volume       = {},
}

@misc{Dendorfer20,
  author       = {Dendorfer, P. and Rezatofighi, H. and Milan, A. and Shi, J. and Cremers, D. and Reid, I. and Roth, S. and Schindler, K. and Leal-Taix\'{e}, L. },
  booktitle    = {},
  date         = {2020},
  doi          = {10.48550/arXiv.2003.09003},
  journal      = {},
  journaltitle = {},
  number       = {},
  pages        = {},
  publisher    = {},
  title        = {MOT20: A benchmark for multi object tracking in crowded scenes},
  volume       = {},
}

@inproceedings{Deng09,
  author       = {Deng, Jia and Dong, Wei and Socher, Richard and Li, Li-Jia and Kai Li and Li Fei-Fei},
  booktitle    = {IEEE Conference on Computer Vision and Pattern Recognition},
  date         = {2009},
  doi          = {10.1109/CVPR.2009.5206848},
  journal      = {},
  journaltitle = {},
  number       = {},
  pages        = {248--255},
  publisher    = {},
  title        = {ImageNet: A large-scale hierarchical image database},
  volume       = {},
}

@inproceedings{Ferryman09,
  author       = {Ferryman, J. and Shahrokni, A.},
  booktitle    = {IEEE International Workshop on Performance Evaluation of Tracking and Surveillance},
  date         = {2009},
  doi          = {10.1109/PETS-WINTER.2009.5399556},
  journal      = {},
  journaltitle = {},
  number       = {},
  pages        = {1--6},
  publisher    = {},
  title        = {PETS2009: Dataset and challenge},
  volume       = {},
}

@article{Fleuret08,
  author       = {Fleuret, Francois and Berclaz, Jerome and Lengagne, Richard and Fua, Pascal},
  booktitle    = {},
  date         = {2008},
  doi          = {10.1109/TPAMI.2007.1174},
  journal      = {},
  journaltitle = {IEEE Transactions on Pattern Analysis and Machine Intelligence},
  number       = {2},
  pages        = {267--282},
  publisher    = {},
  title        = {Multicamera People Tracking with a Probabilistic Occupancy Map},
  volume       = {30},
}

@article{Fortmann83,
  author       = {Fortmann, T. and Bar-Shalom, Y. and Scheffe, M.},
  booktitle    = {},
  date         = {1983},
  doi          = {10.1109/JOE.1983.1145560},
  journal      = {IEEE Journal of Oceanic Engineering},
  journaltitle = {},
  number       = {3},
  pages        = {173--184},
  publisher    = {},
  title        = {Sonar tracking of multiple targets using joint probabilistic data association},
  volume       = {8},
}

@article{Gers02,
  author       = {Gers, Felix A and Schraudolph, Nicol N and Schmidhuber, J{\"u}rgen},
  booktitle    = {},
  date         = {2002},
  doi          = {10.1162/153244303768966139},
  journal      = {Journal of machine learning research},
  journaltitle = {},
  number       = {},
  pages        = {115--143},
  publisher    = {},
  title        = {Learning precise timing with LSTM recurrent networks},
  volume       = {3},
}

@inproceedings{Girshick14,
  author       = {Girshick, Ross and Donahue, Jeff and Darrell, Trevor and Malik, Jitendra},
  booktitle    = {IEEE Conference on Computer Vision and Pattern Recognition},
  date         = {2014},
  doi          = {10.1109/CVPR.2014.81},
  journal      = {},
  journaltitle = {},
  number       = {},
  pages        = {580--587},
  publisher    = {},
  title        = {Rich Feature Hierarchies for Accurate Object Detection and Semantic Segmentation},
  volume       = {},
}

@inproceedings{Girshick15,
  author       = {Girshick, Ross},
  booktitle    = {IEEE International Conference on Computer Vision},
  date         = {2015},
  doi          = {10.1109/ICCV.2015.169},
  journal      = {},
  journaltitle = {},
  number       = {},
  pages        = {1440--1448},
  publisher    = {},
  title        = {Fast R-CNN},
  volume       = {},
}

@inproceedings{Han23,
  author       = {Han, Xiaotian and You, Quanzeng and Wang, Chunyu and Zhang, Zhizheng and Chu, Peng and Hu, Houdong and Wang, Jiang and Liu, Zicheng},
  booktitle    = {IEEE/CVF Winter Conference on Applications of Computer Vision},
  date         = {2023},
  doi          = {10.1109/WACV56688.2023.00484},
  journal      = {},
  journaltitle = {},
  number       = {},
  pages        = {4849--4858},
  publisher    = {},
  title        = {MMPTRACK: Large-scale Densely Annotated Multi-camera Multiple People Tracking Benchmark},
  volume       = {},
}

@online{Harvey21,
  author  = {Harvey, Adam. LaPlace, Jules.},
  date    = {2019},
  title   = {Exposing.ai DukeMTMC},
  url     = {https://exposing.ai/duke_mtmc/},
  urldate = {2023-11-01},
}

@inproceedings{He16,
  author       = {He, Kaiming and Zhang, Xiangyu and Ren, Shaoqing and Sun, Jian},
  booktitle    = {IEEE Conference on Computer Vision and Pattern Recognition},
  date         = {2016},
  doi          = {10.1109/CVPR.2016.90},
  journal      = {},
  journaltitle = {},
  number       = {},
  pages        = {770--778},
  publisher    = {},
  title        = {Deep Residual Learning for Image Recognition},
  volume       = {},
}

@misc{Hou21,
  author       = {Yunzhong Hou and Liang Zheng},
  booktitle    = {},
  date         = {2021},
  doi          = {10.48550/arXiv.2108.05888},
  journal      = {CoRR},
  journaltitle = {},
  number       = {},
  pages        = {},
  publisher    = {},
  title        = {Multiview Detection with Shadow Transformer (and View-Coherent Data Augmentation)},
  volume       = {},
}

@inproceedings{Hsu20,
  author       = {Hung{-}Min Hsu and Yizhou Wang and Jenq{-}Neng Hwang},
  booktitle    = {},
  date         = {2020},
  doi          = {10.1145/3394171.3413863},
  journal      = {},
  journaltitle = {},
  number       = {},
  pages        = {964--972},
  publisher    = {Association for Computing Machinery},
  title        = {Traffic-Aware Multi-Camera Tracking of Vehicles Based on ReID and Camera Link Model},
  volume       = {},
}

@inproceedings{Hsu22,
  author       = {Hsu, Hung-Min and Wang, Yizhou and Cai, Jiarui and Hwang, Jenq-Neng},
  booktitle    = {IEEE/CVF Winter Conference on Applications of Computer Vision Workshops},
  date         = {2022},
  doi          = {10.1109/WACVW54805.2022.00055},
  journal      = {},
  journaltitle = {},
  number       = {},
  pages        = {489--499},
  publisher    = {},
  title        = {Multi-Target Multi-Camera Tracking of Vehicles by Graph Auto-Encoder and Self-Supervised Camera Link Model},
  volume       = {},
}

@inproceedings{Huang23a,
  author       = {Huang, Ding-Jie and Chou, Po-Yung and Xie, Bo-Zheng and Lin, Cheng-Hung},
  booktitle    = {International Conference on Consumer Electronics - Taiwan},
  date         = {2023},
  doi          = {10.1109/ICCE-Taiwan58799.2023.10227006},
  journal      = {},
  journaltitle = {},
  number       = {},
  pages        = {629--630},
  publisher    = {},
  title        = {Multi-Target Multi-Camera Pedestrian Tracking System for Non-Overlapping Cameras},
  volume       = {},
}

@misc{Huang23b,
  author       = {Hsiang-Wei Huang and Cheng-Yen Yang and Zhongyu Jiang and Pyong-Kun Kim and Kyoungoh Lee and Kwangju Kim and Samartha Ramkumar and Chaitanya Mullapudi and In-Su Jang and Chung-I Huang and Jenq-Neng Hwang},
  booktitle    = {},
  date         = {2023},
  doi          = {10.48550/arXiv.2304.09471},
  journal      = {},
  journaltitle = {},
  number       = {},
  pages        = {},
  publisher    = {},
  title        = {Enhancing Multi-Camera People Tracking with Anchor-Guided Clustering and Spatio-Temporal Consistency ID Re-Assignment},
  volume       = {},
}

@article{Iguernaissi18,
  author       = {Iguernaissi, Rabah and Merad, Djamal and Aziz, Kheireddine and Drap, Pierre},
  booktitle    = {},
  date         = {2018},
  doi          = {10.1007/s11042-018-6638-5},
  journal      = {},
  journaltitle = {Springer},
  number       = {},
  pages        = {},
  publisher    = {Springer US},
  title        = {People tracking in multi-camera systems: A Review - multimedia tools and applications},
  volume       = {},
}

@online{Jocher23a,
  author  = {Glenn Jocher, Ayush Chaurasia},
  date    = {2023},
  title   = {Ultralytics YOLOv8 Docs},
  url     = {https://docs.ultralytics.com/},
  urldate = {2023-11-01},
}

@online{Jocher23b,
  author  = {Glenn Jocher, Ayush Chaurasia},
  date    = {2023},
  title   = {Ultralytics YOLOv8 Github},
  url     = {https://github.com/ultralytics/ultralytics/},
  urldate = {2023-11-01},
}

@article{Kalman60,
  author       = {Kalman, Rudolph Emil},
  booktitle    = {},
  date         = {1960},
  doi          = {10.1115/1.3662552},
  journal      = {Journal of basic Engineering},
  journaltitle = {},
  number       = {1},
  pages        = {35--45},
  publisher    = {},
  title        = {A new approach to linear filtering and prediction problems},
  volume       = {82},
}

@inproceedings{Khan01,
  author       = {Khan, Sohaib and Javed, Omar and Shah, Mubarak},
  booktitle    = {IEEE Workshop on Performance Evaluation of Tracking and Surveillance},
  date         = {2001},
  doi          = {},
  journal      = {},
  journaltitle = {},
  number       = {},
  pages        = {},
  publisher    = {},
  title        = {Tracking in uncalibrated cameras with overlapping field of view},
  volume       = {5},
}

@misc{Kipf16,
  author       = {Thomas N. Kipf and Max Welling},
  booktitle    = {},
  date         = {2016},
  doi          = {10.48550/arXiv.1611.07308},
  journal      = {},
  journaltitle = {},
  number       = {},
  pages        = {},
  publisher    = {},
  title        = {Variational Graph Auto-Encoders},
  volume       = {},
}

@inproceedings{Koehl20,
  author       = {Köhl, Philipp and Specker, Andreas and Schumann, Arne and Beyerer, Jürgen},
  booktitle    = {IEEE/CVF Conference on Computer Vision and Pattern Recognition Workshops},
  date         = {2020},
  doi          = {10.1109/CVPRW50498.2020.00529},
  journal      = {},
  journaltitle = {},
  number       = {},
  pages        = {4489--4498},
  publisher    = {},
  title        = {The MTA Dataset for Multi Target Multi Camera Pedestrian Tracking by Weighted Distance Aggregation},
  volume       = {},
}

@conference{Komorowski20,
  author       = {Jacek Komorowski and Grzegorz Kurzejamski and Grzegorz Sarwas},
  booktitle    = {Proceedings of the 15th International Joint Conference on Computer Vision, Imaging and Computer Graphics Theory and Applications},
  date         = {2020},
  doi          = {10.5220/0008916000470056},
  journal      = {},
  journaltitle = {},
  number       = {},
  pages        = {47--56},
  publisher    = {SciTePress},
  title        = {FootAndBall: Integrated player and ball detector},
  volume       = {5},
}

@inproceedings{Komorowski22,
  author       = {Komorowski, Jacek and Kurzejamski, Grzegorz},
  booktitle    = {International Joint Conference on Neural Networks},
  date         = {2022},
  doi          = {10.1109/IJCNN55064.2022.9892562},
  journal      = {},
  journaltitle = {},
  number       = {},
  pages        = {1--8},
  publisher    = {},
  title        = {Graph-Based Multi-Camera Soccer Player Tracker},
  volume       = {},
}

@inproceedings{Kristan22,
  author       = {Kristan, Matej and Leonardis, Aleš and Matas, Jiří and Felsberg, Michael and Pflugfelder, Roman and Kämäräinen, Joni-Kristian and Chang, Hyung Jin and Danelljan, Martin and Zajc, Luka Čehovin and Lukežič, Alan and Drbohlav, Ondrej and Björklund, Johanna and Zhang, Yushan and Zhang, Zhongqun and Yan, Song and Yang, Wenyan and Cai, Dingding and Mayer, Christoph and Fernández, Gustavo and Ben, Kang and Bhat, Goutam and Chang, Hong and Chen, Guangqi and Chen, Jiaye and Chen, Shengyong and Chen, Xilin and Chen, Xin and Chen, Xiuyi and Chen, Yiwei and Chen, Yu-Hsi and Chen, Zhixing and Cheng, Yangming and Ciaramella, Angelo and Cui, Yutao and Džubur, Benjamin and Dasari, Mohana Murali and Deng, Qili and Dhar, Debajyoti and Di, Shangzhe and Nardo, Emanuel Di and Du, Daniel K. and Dunnhofer, Matteo and Fan, Heng and Feng, Zhenhua and Fu, Zhihong and Gao, Shang and Gorthi, Rama Krishna and Granger, Eric and Gu, Q. H. and Gupta, Himanshu and He, Jianfeng and He, Keji and Huang, Yan and Jangid, Deepak and Ji, Rongrong and Jiang, Cheng and Jiang, Yingjie and Lawin, Felix Järemo and Kang, Ze and Kiran, Madhu and Kittler, Josef and Lai, Simiao and Lan, Xiangyuan and Lee, Dongwook and Lee, Hyunjeong and Lee, Seohyung and Li, Hui and Li, Ming and Li, Wangkai and Li, Xi and Li, Xianxian and Li, Xiao and Li, Zhe and Lin, Liting and Ling, Haibin and Liu, Bo and Liu, Chang and Liu, Si and Lu, Huchuan and Cruz, Rafael M. O. and Ma, Bingpeng and Ma, Chao and Ma, Jie and Ma, Yinchao and Martinel, Niki and Memarmoghadam, Alireza and Micheloni, Christian and Moallem, Payman and Nguyen-Meidine, Le Thanh and Pan, Siyang and Park, ChangBeom and Paudel, Danda and Paul, Matthieu and Peng, Houwen and Robinson, Andreas and Rout, Litu and Shan, Shiguang and Simonato, Kristian and Song, Tianhui and Song, Xiaoning and Sun, Chao and Sun, Jingna and Tang, Zhangyong and Timofte, Radu and Tsai, Chi-Yi and Gool, Luc Van and Verma, Om Prakash and Wang, Dong and Wang, Fei and Wang, Liang and Wang, Liangliang and Wang, Lijun and Wang, Limin and Wang, Qiang and Wu, Gangshan and Wu, Jinlin and Wu, Xiaojun and Xie, Fei and Xu, Tianyang and Xu, Wei and Xu, Yong and Xu, Yuanyou and Xue, Wanli and Xun, Zizheng and Yan, Bin and Yang, Dawei and Yang, Jinyu and Yang, Wankou and Yang, Xiaoyun and Yang, Yi and Yang, Yichun and Yang, Zongxin and Ye, Botao and Yu, Fisher and Yu, Hongyuan and Yu, Jiaqian and Yu, Qianjin and Yu, Weichen and Ze, Kang and Zhai, Jiang and Zhang, Chengwei and Zhang, Chunhu and Zhang, Kaihua and Zhang, Tianzhu and Zhang, Wenkang and Zhang, Zhibin and Zhang, Zhipeng and Zhao, Jie and Zhao, Shaochuan and Zheng, Feng and Zheng, Haixia and Zheng, Min and Zhong, Bineng and Zhu, Jiawen and Zhu, Xuefeng and Zhuang, Yueting},
  booktitle    = {Computer Vision -- ECCV Workshops},
  date         = {2022},
  doi          = {10.1007/978-3-031-25085-9_25},
  journal      = {},
  journaltitle = {},
  number       = {},
  pages        = {431--460},
  publisher    = {Springer Nature Switzerland},
  title        = {The Tenth Visual Object Tracking VOT2022 Challenge Results},
  volume       = {},
}

@inproceedings{Kristan23,
  author       = {Kristan, Matej and Matas, Ji\v{r}{\'\i} and Danelljan, Martin and Felsberg, Michael and Chang, Hyung Jin and Zajc, Luka \v{C}ehovin and Luke\v{z}i\v{c}, Alan and Drbohlav, Ondrej and Zhang, Zhongqun and Tran, Khanh-Tung and Vu, Xuan-Son and Bj\"orklund, Johanna and Mayer, Christoph and Zhang, Yushan and Ke, Lei and Zhao, Jie and Fern\'andez, Gustavo and Al-Shakarji, Noor and An, Dong and Arens, Michael and Becker, Stefan and Bhat, Goutam and Bullinger, Sebastian and Chan, Antoni B. and Chang, Shijie and Chen, Hanyuan and Chen, Xin and Chen, Yan and Chen, Zhenyu and Cheng, Yangming and Cui, Yutao and Deng, Chunyuan and Dong, Jiahua and Dunnhofer, Matteo and Feng, Wei and Fu, Jianlong and Gao, Jie and Han, Ruize and Hao, Zeqi and He, Jun-Yan and He, Keji and He, Zhenyu and Hu, Xiantao and Huang, Kaer and Huang, Yuqing and Jiang, Yi and Kang, Ben and Lan, Jin-Peng and Lee, Hyungjun and Li, Chenyang and Li, Jiahao and Li, Ning and Li, Wangkai and Li, Xiaodi and Li, Xin and Liu, Pengyu and Liu, Yue and Lu, Huchuan and Luo, Bin and Luo, Ping and Ma, Yinchao and Miao, Deshui and Micheloni, Christian and Palaniappan, Kannappan and Park, Hancheol and Paul, Matthieu and Peng, HouWen and Qian, Zekun and Rahmon, Gani and Scherer-Negenborn, Norbert and Shao, Pengcheng and Shin, Wooksu and Kazemi, Elham Soltani and Song, Tianhui and Stiefelhagen, Rainer and Sun, Rui and Tang, Chuanming and Tang, Zhangyong and Toubal, Imad Eddine and Valmadre, Jack and van de Weijer, Joost and Van Gool, Luc and Vira, Jash and Vujasinovi\'c, St\`ephane and Wan, Cheng and Wan, Jia and Wang, Dong and Wang, Fei and Wang, Feifan and Wang, He and Wang, Limin and Wang, Song and Wang, Yaowei and Wang, Zhepeng and Wu, Gangshan and Wu, Jiannan and Wu, Qiangqiang and Wu, Xiaojun and Xiao, Anqi and Xie, Jinxia and Xu, Chenlong and Xu, Min and Xu, Tianyang and Xu, Yuanyou and Yan, Bin and Yang, Dawei and Yang, Ming-Hsuan and Yang, Tianyu and Yang, Yi and Yang, Zongxin and Yin, Xuanwu and Yu, Fisher and Yu, Hongyuan and Yu, Qianjin and Yu, Weichen and Yuan, YongSheng and Yuan, Zehuan and Zhang, Jianlin and Zhang, Lu and Zhang, Tianzhu and Zhao, Guodongfang and Zhao, Shaochuan and Zheng, Yaozong and Zhong, Bineng and Zhu, Jiawen and Zhu, Xuefeng and Zhuang, Yueting and Zong, ChengAo and Zuo, Kunlong},
  booktitle    = {Proceedings of the IEEE/CVF International Conference on Computer Vision Workshops},
  date         = {2023},
  doi          = {},
  journal      = {},
  journaltitle = {},
  number       = {},
  pages        = {1796--1818},
  publisher    = {},
  title        = {The First Visual Object Tracking Segmentation VOTS2023 Challenge Results},
  volume       = {},
}

@article{Krizhevsky12,
  author       = {Krizhevsky, Alex and Sutskever, Ilya and Hinton, Geoffrey E},
  booktitle    = {Advances in Neural Information Processing Systems},
  date         = {2012},
  doi          = {10.1145/3065386},
  journal      = {Advances in neural information processing systems},
  journaltitle = {},
  number       = {},
  pages        = {},
  publisher    = {Curran Associates, Inc.},
  title        = {ImageNet Classification with Deep Convolutional Neural Networks},
  volume       = {25},
}

@article{Kuhn55,
  author       = {Kuhn, Harold W},
  booktitle    = {},
  date         = {1955},
  doi          = {10.1002/nav.3800020109},
  journal      = {Naval research logistics quarterly},
  journaltitle = {},
  number       = {1--2},
  pages        = {83--97},
  publisher    = {Wiley Online Library},
  title        = {The Hungarian method for the assignment problem},
  volume       = {2},
}

@misc{Kurach19,
  author       = {Karol Kurach and Anton Raichuk and Piotr Stanczyk and Michal Zajac and Olivier Bachem and Lasse Espeholt and Carlos Riquelme and Damien Vincent and Marcin Michalski and Olivier Bousquet and Sylvain Gelly},
  booktitle    = {},
  date         = {2019},
  doi          = {10.48550/arXiv.1907.11180},
  journal      = {CoRR},
  journaltitle = {},
  number       = {},
  pages        = {},
  publisher    = {},
  title        = {Google Research Football: {A} Novel Reinforcement Learning Environment},
  volume       = {},
}

@article{Lecun98,
  author       = {Lecun, Y. and Bottou, L. and Bengio, Y. and Haffner, P.},
  booktitle    = {},
  date         = {1998},
  doi          = {10.1109/5.726791},
  journal      = {Proceedings of the IEEE},
  journaltitle = {},
  number       = {11},
  pages        = {2278--2324},
  publisher    = {},
  title        = {Gradient-based learning applied to document recognition},
  volume       = {86},
}

@misc{Li20,
  author       = {Wei Li and Yuanjun Xiong and Shuo Yang and Siqi Deng and Wei Xia},
  booktitle    = {},
  date         = {2020},
  doi          = {10.48550/arXiv.2010.16031},
  journal      = {CoRR},
  journaltitle = {},
  number       = {},
  pages        = {},
  publisher    = {},
  title        = {{SMOT:} Single-Shot Multi Object Tracking},
  volume       = {},
}

@inproceedings{Li21,
  author       = {Li, Yu-Jhe and Weng, Xinshuo and Xu, Yan and Kitani, Kris},
  booktitle    = {IEEE/CVF International Conference on Computer Vision},
  date         = {2021},
  doi          = {10.1109/ICCV48922.2021.00969},
  journal      = {},
  journaltitle = {},
  number       = {},
  pages        = {9814--9824},
  publisher    = {},
  title        = {Visio-Temporal Attention for Multi-Camera Multi-Target Association},
  volume       = {},
}

@misc{Lin14,
  author       = {Tsung{-}Yi Lin and Michael Maire and Serge J. Belongie and Lubomir D. Bourdev and Ross B. Girshick and James Hays and Pietro Perona and Deva Ramanan and Piotr Doll{\'{a}}r and C. Lawrence Zitnick},
  booktitle    = {},
  date         = {2014},
  doi          = {10.48550/arXiv.1405.0312},
  journal      = {CoRR},
  journaltitle = {},
  number       = {},
  pages        = {},
  publisher    = {},
  title        = {Microsoft {COCO:} Common Objects in Context},
  volume       = {},
}

@inproceedings{Lin17,
  author       = {Lin, Tsung-Yi and Dollár, Piotr and Girshick, Ross and He, Kaiming and Hariharan, Bharath and Belongie, Serge},
  booktitle    = {IEEE Conference on Computer Vision and Pattern Recognition},
  date         = {2017},
  doi          = {10.1109/CVPR.2017.106},
  journal      = {},
  journaltitle = {},
  number       = {},
  pages        = {936--944},
  publisher    = {},
  title        = {Feature Pyramid Networks for Object Detection},
  volume       = {},
}

@inproceedings{Liu16,
  author       = {Wei Liu and Dragomir Anguelov and Dumitru Erhan and Christian Szegedy and Scott E. Reed and Cheng{-}Yang Fu and Alexander C. Berg},
  booktitle    = {Computer Vision -- ECCV},
  date         = {2016},
  doi          = {10.1007/978-3-319-46448-0_2},
  journal      = {},
  journaltitle = {},
  number       = {},
  pages        = {21--37},
  publisher    = {Springer International Publishing},
  title        = {{SSD:} Single Shot MultiBox Detector},
  volume       = {},
}

@article{Lowe04,
  author       = {David G. Lowe},
  booktitle    = {},
  date         = {2004},
  doi          = {10.1023/B:VISI.0000029664.99615.94},
  journal      = {International Journal of Computer Vision},
  journaltitle = {},
  number       = {2},
  pages        = {91--110},
  publisher    = {},
  title        = {Distinctive Image Features from Scale-Invariant Keypoints},
  volume       = {60},
}

@article{Ma21,
  author       = {Ma, Cong and Yang, Fan and Li, Yuan and Jia, Huizhu and Xie, Xiaodong and Gao, Wen},
  booktitle    = {},
  date         = {2021},
  doi          = {10.1007/s11263-021-01527-y},
  journal      = {International Journal of Computer Vision},
  journaltitle = {},
  number       = {},
  pages        = {},
  publisher    = {},
  title        = {Deep Trajectory Post-Processing and Position Projection for Single {\&} Multiple Camera Multiple Object Tracking},
  volume       = {129},
}

@inproceedings{Meinhardt22,
  author       = {Meinhardt, Tim and Kirillov, Alexander and Leal-Taixé, Laura and Feichtenhofer, Christoph},
  booktitle    = {IEEE/CVF Conference on Computer Vision and Pattern Recognition},
  date         = {2022},
  doi          = {10.1109/CVPR52688.2022.00864},
  journal      = {},
  journaltitle = {},
  number       = {},
  pages        = {8834--8844},
  publisher    = {},
  title        = {TrackFormer: Multi-Object Tracking with Transformers},
  volume       = {},
}

@misc{Milan16a,
  author       = {Milan, A. and Leal-Taix\'{e}, L. and Reid, I. and Roth, S. and Schindler, K.},
  booktitle    = {},
  date         = {2016},
  doi          = {10.48550/arXiv.1603.00831},
  journal      = {},
  journaltitle = {},
  number       = {},
  pages        = {},
  publisher    = {},
  title        = {{MOT}16: {A} Benchmark for Multi-Object Tracking},
  volume       = {},
}

@misc{Milan16b,
  author       = {Anton Milan and Seyed Hamid Rezatofighi and Anthony R. Dick and Konrad Schindler and Ian D. Reid},
  booktitle    = {},
  date         = {2016},
  doi          = {10.48550/arXiv.1604.03635},
  journal      = {CoRR},
  journaltitle = {},
  number       = {},
  pages        = {},
  publisher    = {},
  title        = {Online Multi-target Tracking using Recurrent Neural Networks},
  volume       = {},
}

@inproceedings{Naphade23,
  author       = {Milind Naphade and Shuo Wang and David C. Anastasiu and Zheng Tang and Ming-Ching Chang and Yue Yao and Liang Zheng and Mohammed Shaiqur Rahman and Meenakshi S. Arya and Anuj Sharma and Qi Feng and Vitaly Ablavsky and Stan Sclaroff and Pranamesh Chakraborty and Sanjita Prajapati and Alice Li and Shangru Li and Krishna Kunadharaju and Shenxin Jiang and Rama Chellappa},
  booktitle    = {The IEEE Conference on Computer Vision and Pattern Recognition Workshops},
  date         = {2023},
  doi          = {10.48550/arXiv.2304.07500},
  journal      = {},
  journaltitle = {},
  number       = {},
  pages        = {},
  publisher    = {},
  title        = {The 7th AI City Challenge},
  volume       = {},
}

@inproceedings{Nguyen22a,
  author       = {Nguyen, Duy M. H. and Henschel, Roberto and Rosenhahn, Bodo and Sonntag, Daniel and Swoboda, Paul},
  booktitle    = {IEEE/CVF Conference on Computer Vision and Pattern Recognition},
  date         = {2022},
  doi          = {10.1109/CVPR52688.2022.00866},
  journal      = {},
  journaltitle = {},
  number       = {},
  pages        = {8856--8865},
  publisher    = {},
  title        = {LMGP: Lifted Multicut Meets Geometry Projections for Multi-Camera Multi-Object Tracking},
  volume       = {},
}

@misc{Nguyen22b,
  author       = {Nguyen, Pha and Quach, Kha Gia and Duong, Chi Nhan and Phung, Son Lam and Le, Ngan and Luu, Khoa},
  booktitle    = {},
  date         = {2022},
  doi          = {10.48550/arXiv.2211.09663},
  journal      = {},
  journaltitle = {},
  number       = {},
  pages        = {},
  publisher    = {},
  title        = {Multi-Camera Multi-Object Tracking on the Move via Single-Stage Global Association Approach},
  volume       = {},
}

@article{Nikodem20,
  author       = {Nikodem, Maciej and Słabicki, Mariusz and Surmacz, Tomasz and Mrówka, Paweł and Dołęga, Cezary},
  booktitle    = {},
  date         = {2020},
  doi          = {10.3390/s20113334},
  journal      = {Sensors},
  journaltitle = {},
  number       = {11},
  pages        = {},
  publisher    = {},
  title        = {Multi-Camera Vehicle Tracking Using Edge Computing and Low-Power Communication},
  volume       = {20},
}

@incollection{Pearl88,
  author       = {Judea Pearl},
  booktitle    = {Probabilistic Reasoning in Intelligent Systems},
  date         = {1988},
  doi          = {10.1016/B978-0-08-051489-5.50007-2},
  journal      = {},
  journaltitle = {},
  number       = {},
  pages        = {1--141},
  publisher    = {Morgan Kaufmann},
  title        = {Probabilistic Reasoning in Intelligent Systems},
  volume       = {},
}

@inproceedings{Quach21,
  author       = {Quach, Kha Gia and Nguyen, Pha and Le, Huu and Truong, Thanh-Dat and Duong, Chi Nhan and Tran, Minh-Triet and Luu, Khoa},
  booktitle    = {IEEE/CVF Conference on Computer Vision and Pattern Recognition},
  date         = {2021},
  doi          = {10.1109/CVPR46437.2021.01357},
  journal      = {},
  journaltitle = {},
  number       = {},
  pages        = {13779--13788},
  publisher    = {},
  title        = {DyGLIP: A Dynamic Graph Model with Link Prediction for Accurate Multi-Camera Multiple Object Tracking},
  volume       = {},
}

@misc{Redmon15,
  author       = {Joseph Redmon and Santosh Kumar Divvala and Ross B. Girshick and Ali Farhadi},
  booktitle    = {},
  date         = {2015},
  doi          = {10.48550/arXiv.1506.02640},
  journal      = {CoRR},
  journaltitle = {},
  number       = {},
  pages        = {},
  publisher    = {},
  title        = {You Only Look Once: Unified, Real-Time Object Detection},
  volume       = {},
}

@article{Reid79,
  author       = {Reid, D.},
  booktitle    = {},
  date         = {1979},
  doi          = {10.1109/TAC.1979.1102177},
  journal      = {IEEE Transactions on Automatic Control},
  journaltitle = {},
  number       = {6},
  pages        = {843--854},
  publisher    = {},
  title        = {An algorithm for tracking multiple targets},
  volume       = {24},
}

@article{Ren17,
  author       = {Ren, Shaoqing and He, Kaiming and Girshick, Ross and Sun, Jian},
  booktitle    = {},
  date         = {2017},
  doi          = {10.1109/TPAMI.2016.2577031},
  journal      = {},
  journaltitle = {IEEE Transactions on Pattern Analysis and Machine Intelligence},
  number       = {6},
  pages        = {1137--1149},
  publisher    = {},
  title        = {Faster R-CNN: Towards Real-Time Object Detection with Region Proposal Networks},
  volume       = {39},
}

@inproceedings{Ristani16,
  author       = {Ristani, Ergys and Solera, Francesco and Zou, Roger S. and Cucchiara, Rita and Tomasi, Carlo},
  booktitle    = {European conference on computer vision},
  date         = {2016},
  doi          = {10.48550/arXiv.1609.01775},
  journal      = {},
  journaltitle = {},
  number       = {},
  pages        = {17--35},
  publisher    = {},
  title        = {Performance Measures and a Data Set for Multi-Target, Multi-Camera Tracking},
  volume       = {},
}

@inproceedings{Ristani18,
  author       = {Ristani, Ergys and Tomasi, Carlo},
  booktitle    = {Proceedings of the IEEE conference on computer vision and pattern recognition},
  date         = {2018},
  doi          = {10.1109/CVPR.2018.00632},
  journal      = {},
  journaltitle = {},
  number       = {},
  pages        = {6036--6046},
  publisher    = {},
  title        = {Features for multi-target multi-camera tracking and re-identification},
  volume       = {},
}

@article{Rumelhart86,
  author       = {Rumelhart, David E and Hinton, Geoffrey E and Williams, Ronald J},
  booktitle    = {},
  date         = {1986},
  doi          = {10.1038/323533a0},
  journal      = {nature},
  journaltitle = {},
  number       = {6088},
  pages        = {533--536},
  publisher    = {Nature Publishing Group UK London},
  title        = {Learning representations by back-propagating errors},
  volume       = {323},
}

@article{Scarselli09,
  author       = {Scarselli, Franco and Gori, Marco and Tsoi, Ah Chung and Hagenbuchner, Markus and Monfardini, Gabriele},
  booktitle    = {},
  date         = {2009},
  doi          = {10.1109/TNN.2008.2005605},
  journal      = {IEEE Transactions on Neural Networks},
  journaltitle = {},
  number       = {1},
  pages        = {61--80},
  publisher    = {},
  title        = {The Graph Neural Network Model},
  volume       = {20},
}

@inproceedings{Schroff15,
  author       = {Schroff, Florian and Kalenichenko, Dmitry and Philbin, James},
  booktitle    = {IEEE Conference on Computer Vision and Pattern Recognition},
  date         = {2015},
  doi          = {10.1109/CVPR.2015.7298682},
  journal      = {},
  journaltitle = {},
  number       = {},
  pages        = {815--823},
  publisher    = {},
  title        = {FaceNet: A unified embedding for face recognition and clustering},
  volume       = {},
}

@misc{Sun20,
  author       = {Peize Sun and Yi Jiang and Rufeng Zhang and Enze Xie and Jinkun Cao and Xinting Hu and Tao Kong and Zehuan Yuan and Changhu Wang and Ping Luo},
  booktitle    = {},
  date         = {2020},
  doi          = {10.48550/arXiv.2012.15460},
  journal      = {CoRR},
  journaltitle = {},
  number       = {},
  pages        = {},
  publisher    = {},
  title        = {TransTrack: Multiple-Object Tracking with Transformer},
  volume       = {},
}

@online{Synced20,
  author  = {Synced},
  date    = {2020},
  title   = {YOLO Creator Says He Stopped CV Research Due to Ethical Concerns},
  url     = {https://medium.com/syncedreview/yolo-creator-says-he-stopped-cv-research-due-to-ethical-concerns-b55a291ebb29},
  urldate = {2023-11-01},
}

@inproceedings{Tang19,
  author       = {Tang, Zheng and Naphade, Milind and Liu, Ming-Yu and Yang, Xiaodong and Birchfield, Stan and Wang, Shuo and Kumar, Ratnesh and Anastasiu, David and Hwang, Jenq-Neng},
  booktitle    = {IEEE/CVF Conference on Computer Vision and Pattern Recognition},
  date         = {2019},
  doi          = {10.1109/CVPR.2019.00900},
  journal      = {},
  journaltitle = {},
  number       = {},
  pages        = {8789--8798},
  publisher    = {},
  title        = {CityFlow: A City-Scale Benchmark for Multi-Target Multi-Camera Vehicle Tracking and Re-Identification},
  volume       = {},
}

@misc{Teepe23,
  author       = {Torben Teepe and Philipp Wolters and Johannes Gilg and Fabian Herzog and Gerhard Rigoll},
  booktitle    = {},
  date         = {2023},
  doi          = {10.48550/arXiv.2310.13350},
  journal      = {},
  journaltitle = {},
  number       = {},
  pages        = {},
  publisher    = {},
  title        = {EarlyBird: Early-Fusion for Multi-View Tracking in the Bird's Eye View},
  volume       = {},
}

@article{Tesfaye19,
  author       = {Tesfaye, Yonatan Tariku and Zemene, Eyasu and Prati, Andrea and Pelillo, Marcello and Shah, Mubarak},
  booktitle    = {},
  date         = {2019},
  doi          = {10.1007/s11263-019-01180-6},
  journal      = {},
  journaltitle = {International Journal of Computer Vision},
  number       = {9},
  pages        = {1303--1320},
  publisher    = {},
  title        = {Multi-target Tracking in Multiple Non-overlapping Cameras Using {Fast-Constrained} Dominant Sets},
  volume       = {127},
}

@thesis{Tian19,
  author    = {Tian, Wei},
  date      = {2019},
  doi       = {10.5445/KSP/1000091919},
  publisher = {KIT Scientific Publishing},
  title     = {Novel Aggregated Solutions for Robust Visual Tracking in Trafﬁc Scenarios},
  volume    = {044},
}

@misc{Varior16,
  author       = {Rahul Rama Varior and Mrinal Haloi and Gang Wang},
  booktitle    = {},
  date         = {2016},
  doi          = {10.48550/arXiv.1607.08378},
  journal      = {CoRR},
  journaltitle = {},
  number       = {},
  pages        = {},
  publisher    = {},
  title        = {Gated Siamese Convolutional Neural Network Architecture for Human Re-Identification},
  volume       = {},
}

@misc{Vaswani17,
  author       = {Ashish Vaswani and Noam Shazeer and Niki Parmar and Jakob Uszkoreit and Llion Jones and Aidan N. Gomez and Lukasz Kaiser and Illia Polosukhin},
  booktitle    = {},
  date         = {2017},
  doi          = {10.48550/arXiv.1706.03762},
  journal      = {CoRR},
  journaltitle = {},
  number       = {},
  pages        = {},
  publisher    = {},
  title        = {Attention Is All You Need},
  volume       = {},
}

@inproceedings{Wang20a,
  author       = {Wang, Zhongdao and Zheng, Liang and Liu, Yixuan and Li, Yali and Wang, Shengjin},
  booktitle    = {Computer Vision -- ECCV},
  date         = {2020},
  doi          = {10.1007/978-3-030-58621-8_7},
  journal      = {},
  journaltitle = {},
  number       = {},
  pages        = {107--122},
  publisher    = {Springer International Publishing},
  title        = {Towards Real-Time Multi-Object Tracking},
  volume       = {},
}

@inproceedings{Wang21,
  author       = {Wang, Tsaipei and Liao, Chih-Hao and Hsieh, Li-Hsuan and Tsui, Arvin Wen and Huang, Hsin-Chien},
  booktitle    = {International Conference on Visual Communications and Image Processing},
  date         = {2021},
  doi          = {10.1109/VCIP53242.2021.9675451},
  journal      = {},
  journaltitle = {},
  number       = {},
  pages        = {1--5},
  publisher    = {},
  title        = {People Detection and Tracking Using a Fisheye Camera Network},
  volume       = {},
}

@article{Wang23b,
  author       = {Wang, Shuai and Sheng, Hao and Zhang, Yang and Yang, Da and Shen, Jiahao and Chen, Rongshan},
  booktitle    = {},
  date         = {2023},
  doi          = {10.1109/TII.2023.3261890},
  journal      = {IEEE Transactions on Industrial Informatics},
  journaltitle = {},
  number       = {},
  pages        = {1--10},
  publisher    = {},
  title        = {Blockchain-Empowered Distributed Multi-Camera Multi-Target Tracking in Edge Computing},
  volume       = {},
}

@inproceedings{Wei18,
  author       = {Wei, Longhui and Zhang, Shiliang and Gao, Wen and Tian, Qi},
  booktitle    = {IEEE/CVF Conference on Computer Vision and Pattern Recognition},
  date         = {2018},
  doi          = {10.1109/CVPR.2018.00016},
  journal      = {},
  journaltitle = {},
  number       = {},
  pages        = {79--88},
  publisher    = {},
  title        = {Person Transfer GAN to Bridge Domain Gap for Person Re-identification},
  volume       = {},
}

@inproceedings{Wojke17,
  author       = {Wojke, Nicolai and Bewley, Alex and Paulus, Dietrich},
  booktitle    = {IEEE International Conference on Image Processing},
  date         = {2017},
  doi          = {10.1109/ICIP.2017.8296962},
  journal      = {},
  journaltitle = {},
  number       = {},
  pages        = {3645--3649},
  publisher    = {},
  title        = {Simple online and realtime tracking with a deep association metric},
  volume       = {},
}

@inproceedings{Wu06,
  author       = {Bo Wu and Nevatia, R.},
  booktitle    = {IEEE Computer Society Conference on Computer Vision and Pattern Recognition},
  date         = {2006},
  doi          = {10.1109/CVPR.2006.312},
  journal      = {},
  journaltitle = {},
  number       = {},
  pages        = {951--958},
  publisher    = {},
  title        = {Tracking of Multiple, Partially Occluded Humans based on Static Body Part Detection},
  volume       = {1},
}

@misc{Yang21,
  author       = {Zongxin Yang and Yunchao Wei and Yi Yang},
  booktitle    = {},
  date         = {2021},
  doi          = {10.48550/arXiv.2106.02638},
  journal      = {CoRR},
  journaltitle = {},
  number       = {},
  pages        = {},
  publisher    = {},
  title        = {Associating Objects with Transformers for Video Object Segmentation},
  volume       = {},
}

@misc{Yang22b,
  author       = {Zongxin Yang and Yi Yang},
  booktitle    = {},
  date         = {2022},
  doi          = {10.48550/arXiv.2210.09782},
  journal      = {},
  journaltitle = {},
  number       = {},
  pages        = {},
  publisher    = {},
  title        = {Decoupling Features in Hierarchical Propagation for Video Object Segmentation},
  volume       = {},
}

@inproceedings{Yu13,
  author       = {Yu, Shoou-I and Yang, Yi and Hauptmann, Alexander},
  booktitle    = {IEEE Conference on Computer Vision and Pattern Recognition},
  date         = {2013},
  doi          = {10.1109/CVPR.2013.476},
  journal      = {},
  journaltitle = {},
  number       = {},
  pages        = {3714-3720},
  publisher    = {},
  title        = {Harry Potter's Marauder's Map: Localizing and Tracking Multiple Persons-of-Interest by Nonnegative Discretization},
  volume       = {},
}

@article{Yu17,
  author       = {Yu, Wei and Liang, Fan and He, Xiaofei and Hatcher, William and Lu, Chao and Lin, Jie and Yang, Xinyu},
  booktitle    = {},
  date         = {2017},
  doi          = {10.1109/ACCESS.2017.2778504},
  journal      = {IEEE Access},
  journaltitle = {},
  number       = {},
  pages        = {},
  publisher    = {},
  title        = {A Survey on the Edge Computing for the Internet of Things},
  volume       = {},
}

@misc{Zadeh21,
  author       = {Marvasti-Zadeh, Seyed Mojtaba and Cheng, Li and Ghanei-Yakhdan, Hossein and Kasaei, Shohreh},
  booktitle    = {},
  date         = {2022},
  doi          = {10.1109/TITS.2020.3046478},
  journal      = {IEEE Transactions on Intelligent Transportation Systems},
  journaltitle = {},
  number       = {5},
  pages        = {},
  publisher    = {},
  title        = {Deep Learning for Visual Tracking: A Comprehensive Survey},
  volume       = {23},
}

@misc{Zemene16,
  author       = {Eyasu Zemene and Marcello Pelillo},
  booktitle    = {},
  date         = {2016},
  doi          = {10.48550/arXiv.1608.00641},
  journal      = {CoRR},
  journaltitle = {},
  number       = {},
  pages        = {},
  publisher    = {},
  title        = {Interactive Image Segmentation Using Constrained Dominant Sets},
  volume       = {},
}

@misc{Zeng21,
  author       = {Fangao Zeng and Bin Dong and Tiancai Wang and Cheng Chen and Xiangyu Zhang and Yichen Wei},
  booktitle    = {European Conference on Computer Vision},
  date         = {2021},
  doi          = {10.48550/arXiv.2105.03247},
  journal      = {CoRR},
  journaltitle = {},
  number       = {},
  pages        = {},
  publisher    = {},
  title        = {{MOTR:} End-to-End Multiple-Object Tracking with TRansformer},
  volume       = {},
}

@inproceedings{Zhang08,
  author       = {Li Zhang and Yuan Li and Nevatia, Ramakant},
  booktitle    = {IEEE Conference on Computer Vision and Pattern Recognition},
  date         = {2008},
  doi          = {10.1109/CVPR.2008.4587584},
  journal      = {},
  journaltitle = {},
  number       = {},
  pages        = {1--8},
  publisher    = {},
  title        = {Global data association for multi-object tracking using network flows},
  volume       = {},
}

@article{Zhang21,
  author       = {Zhang, Yifu and Wang, Chunyu and Wang, Xinggang and Zeng, Wenjun and Liu, Wenyu},
  booktitle    = {},
  date         = {2021},
  doi          = {10.1007/s11263-021-01513-4},
  journal      = {},
  journaltitle = {International Journal of Computer Vision},
  number       = {11},
  pages        = {3069--3087},
  publisher    = {},
  title        = {FairMOT: On the Fairness of Detection and Re-identification in Multiple Object Tracking},
  volume       = {129},
}

@misc{Zhang23,
  author       = {Ce Zhang and Chengjie Zhang and Yiluan Guo and Lingji Chen and Michael Happold},
  booktitle    = {},
  date         = {2023},
  doi          = {10.48550/arXiv.2306.17000},
  journal      = {},
  journaltitle = {},
  number       = {},
  pages        = {},
  publisher    = {},
  title        = {MotionTrack: End-to-End Transformer-based Multi-Object Tracing with LiDAR-Camera Fusion},
  volume       = {},
}

@inproceedings{Zheng15,
  author       = {Zheng, Liang and Shen, Liyue and Tian, Lu and Wang, Shengjin and Wang, Jingdong and Tian, Qi},
  booktitle    = {IEEE International Conference on Computer Vision},
  date         = {2015},
  doi          = {10.1109/ICCV.2015.133},
  journal      = {},
  journaltitle = {},
  number       = {},
  pages        = {1116-1124},
  publisher    = {},
  title        = {Scalable Person Re-identification: A Benchmark},
  volume       = {},
}

@inproceedings{Zheng16b,
  author       = {Zheng, Liang and Bie, Zhi and Sun, Yifan and Wang, Jingdong and Su, Chi and Wang, Shengjin and Tian, Qi},
  booktitle    = {Computer Vision -- ECCV},
  date         = {2016},
  doi          = {10.1007/978-3-319-46466-4_52},
  journal      = {},
  journaltitle = {},
  number       = {},
  pages        = {868--884},
  publisher    = {Springer International Publishing},
  title        = {MARS: A Video Benchmark for Large-Scale Person Re-Identification},
  volume       = {},
}

@misc{Zheng16c,
  author       = {Liang Zheng and Yi Yang and Alexander G. Hauptmann},
  booktitle    = {},
  date         = {2016},
  doi          = {10.48550/arXiv.1610.02984},
  journal      = {CoRR},
  journaltitle = {},
  number       = {},
  pages        = {},
  publisher    = {},
  title        = {Person Re-identification: Past, Present and Future},
  volume       = {},
}

@inproceedings{Zheng19,
  author       = {Zheng, Zhedong and Yang, Xiaodong and Yu, Zhiding and Zheng, Liang and Yang, Yi and Kautz, Jan},
  booktitle    = {IEEE/CVF Conference on Computer Vision and Pattern Recognition},
  date         = {2019},
  doi          = {10.1109/CVPR.2019.00224},
  journal      = {},
  journaltitle = {},
  number       = {},
  pages        = {2133--2142},
  publisher    = {},
  title        = {Joint Discriminative and Generative Learning for Person Re-Identification},
  volume       = {},
}

@inproceedings{Zhou19,
  author       = {Zhou, Kaiyang and Yang, Yongxin and Cavallaro, Andrea and Xiang, Tao},
  booktitle    = {IEEE/CVF International Conference on Computer Vision},
  date         = {2019},
  doi          = {10.1109/ICCV.2019.00380},
  journal      = {},
  journaltitle = {},
  number       = {},
  pages        = {3701--3711},
  publisher    = {},
  title        = {Omni-Scale Feature Learning for Person Re-Identification},
  volume       = {},
}

@misc{Zhou20,
  author       = {Xingyi Zhou and Vladlen Koltun and Philipp Kr{\"{a}}henb{\"{u}}hl},
  booktitle    = {},
  date         = {2020},
  doi          = {10.48550/arXiv.2004.01177},
  journal      = {CoRR},
  journaltitle = {},
  number       = {},
  pages        = {},
  publisher    = {},
  title        = {Tracking Objects as Points},
  volume       = {},
}

@inproceedings{Zhu19,
  author       = {Zhu, Ji and Yang, Hua and Liu, Nian and Kim, Minyoung and Zhang, Wenjun and Yang, Ming-Hsuan},
  booktitle    = {Proceedings of the European conference on computer vision},
  date         = {2019},
  doi          = {10.1007/978-3-030-01228-1_23},
  journal      = {},
  journaltitle = {},
  number       = {},
  pages        = {379--396},
  publisher    = {},
  title        = {Online Multi-Object Tracking with Dual Matching Attention Networks},
  volume       = {11209},
}
